@Book{Lingiardi,
author = {Lingiardi V.},
title = {La personalit√† e i suoi disturbi},
publisher = {Il Saggiatore, Milano},
year = {2004},
}

@inproceedings{antonakakis2017understanding,
  title={Understanding the Mirai botnet},
  author={Antonakakis, Manos and April, Tim and Bailey, Michael and Bernhard, Matt and Bursztein, Elie and Cochran, Jaime and Durumeric, Zakir and Halderman, J Alex and Invernizzi, Luca and Kallitsis, Michalis and others},
  booktitle={26th USENIX security symposium (USENIX Security 17)},
  pages={1093--1110},
  year={2017}
}

@techreport{baezner2017stuxnet,
  title={Stuxnet},
  author={Baezner, Marie and Robin, Patrice},
  year={2017},
  institution={ETH Zurich}
}

@article{facchinetti2013real,
  title={Real-time improvement of continuous glucose monitoring accuracy: the smart sensor concept},
  author={Facchinetti, Andrea and Sparacino, Giovanni and Guerra, Stefania and Luijf, Yoeri M and DeVries, J Hans and Mader, Julia K and Ellmerer, Martin and Benesch, Carsten and Heinemann, Lutz and Bruttomesso, Daniela and others},
  journal={Diabetes care},
  volume={36},
  number={4},
  pages={793--800},
  year={2013},
  publisher={Am Diabetes Assoc}
}

@article{kang2016bioresorbable,
  title={Bioresorbable silicon electronic sensors for the brain},
  author={Kang, Seung-Kyun and Murphy, Rory KJ and Hwang, Suk-Won and Lee, Seung Min and Harburg, Daniel V and Krueger, Neil A and Shin, Jiho and Gamble, Paul and Cheng, Huanyu and Yu, Sooyoun and others},
  journal={Nature},
  volume={530},
  number={7588},
  pages={71--76},
  year={2016},
  publisher={Nature Publishing Group}
}

@inproceedings{costabile2003domain,
  title={Domain-expert users and their needs of software development},
  author={Costabile, Maria-Francesca and Fogli, Daniela and Letondal, Catherine and Mussio, Piero and Piccinno, Antonio},
  booktitle={HCI 2003 End User Development Session},
  year={2003}
}

@INPROCEEDINGS{5089292,  author={Dakhli, Salem Ben Dhaou and Ben Chouikha, Mouna},  booktitle={2009 Third International Conference on Research Challenges in Information Science},   title={The knowledge-gap reduction in software engineering},   year={2009},  volume={},  number={},  pages={287-294},  doi={10.1109/RCIS.2009.5089292}}

@article{burattini2022agent,
  title={Agent-Oriented Visual Programming for the Web of Things},
  author={Burattini, Samuele and Ricci, Alessandro and Mayer, Simon and Vachtsevanou, Danai and Lemee, J{\'e}r{\'e}my and Ciortea, Andrei and Croatti, Angelo},
  year={2022}
}

@book{boissier2020multi,
  title={Multi-agent oriented programming: programming multi-agent systems using JaCaMo},
  author={Boissier, Olivier and Bordini, Rafael H and Hubner, Jomi and Ricci, Alessandro},
  year={2020},
  publisher={MIT Press}
}

@article{hewitt1977viewing,
  title={Viewing control structures as patterns of passing messages},
  author={Hewitt, Carl},
  journal={Artificial intelligence},
  volume={8},
  number={3},
  pages={323--364},
  year={1977},
  publisher={Elsevier}
}

@ARTICLE{490039,
  author={Jennings, N. and Wooldridge, M.},
  journal={IEE Review}, 
  title={Software agents}, 
  year={1996},
  volume={42},
  number={1},
  pages={17-20},
  doi={10.1049/ir:19960101}}

@book{wooldridge2009introduction,
  title={An introduction to multiagent systems},
  author={Wooldridge, Michael},
  year={2009},
  publisher={John wiley \& sons}
}

@misc{turing,
  title={Multi-Agent Systems},
  author={Alan~Turing~Institute},
  url={https://www.turing.ac.uk/research/interest-groups/multi-agent-systems},
  note={Accessed January 11, 2023 \url{https://www.turing.ac.uk/research/interest-groups/multi-agent-systems}}
}

@article{jennings2000agent,
  title={On agent-based software engineering},
  author={Jennings, Nicholas R},
  journal={Artificial intelligence},
  volume={117},
  number={2},
  pages={277--296},
  year={2000},
  publisher={Elsevier}
}

@article{weyns2007environment,
  title={Environment as a first class abstraction in multiagent systems},
  author={Weyns, Danny and Omicini, Andrea and Odell, James},
  journal={Autonomous agents and multi-agent systems},
  volume={14},
  number={1},
  pages={5--30},
  year={2007},
  publisher={Springer}
}

@inproceedings{ricci2007artifacts,
author = {Ricci, Alessandro and Viroli, Mirko and Omicini, Andrea},
title = {Give Agents Their Artifacts: The A\&A Approach for Engineering Working Environments in MAS},
year = {2007},
isbn = {9788190426275},
publisher = {Association for Computing Machinery},
address = {New York, NY, USA},
url = {https://doi.org/10.1145/1329125.1329308},
doi = {10.1145/1329125.1329308},
booktitle = {Proceedings of the 6th International Joint Conference on Autonomous Agents and Multiagent Systems},
articleno = {150},
numpages = {3},
keywords = {artifact-based environments, multiagent system languages, multiagent system infrastructures, environment design, programming multiagent systems, artifact theory},
location = {Honolulu, Hawaii},
series = {AAMAS '07}
}

@article{weyns2010organizations,
author = {Weyns, Danny and Haesevoets, Robrecht and Helleboogh, Alexander},
title = {The MACODO Organization Model for Context-Driven Dynamic Agent Organizations},
year = {2010},
issue_date = {November 2010},
publisher = {Association for Computing Machinery},
address = {New York, NY, USA},
volume = {5},
number = {4},
issn = {1556-4665},
url = {https://doi.org/10.1145/1867713.1867717},
doi = {10.1145/1867713.1867717},
journal = {ACM Trans. Auton. Adapt. Syst.},
month = {nov},
articleno = {16},
numpages = {29},
keywords = {role, intelligent transportation systems, multiagent system, middleware, organization, Context}
}

@article{Ahmed_Abbas_2015,
	doi = {10.11648/j.ijiis.20150403.11},
	url = {https://doi.org/10.11648%2Fj.ijiis.20150403.11},
	year = 2015,
	publisher = {Science Publishing Group},
	volume = {4},
	number = {3},
	pages = {46},
	author = {Hosny Ahmed Abbas},
	title = {Organization of Multi-Agent Systems: An Overview},
	journal = {International Journal of Intelligent Information Systems}
}


@inproceedings{jennings1999agents,
	address = {Berlin, Heidelberg},
	author = {Jennings, Nicholas R.},
	booktitle = {Multi-Agent System Engineering},
	editor = {Garijo, Francisco J. and Boman, Magnus},
	isbn = {978-3-540-48437-0},
	pages = {1--7},
	publisher = {Springer Berlin Heidelberg},
	title = {Agent-Oriented Software Engineering},
	year = {1999}}
